@article{rose1967phase,
  title={Phase-locked response to low-frequency tones in single auditory nerve fibers of the squirrel monkey.},
  author={Rose, Jerzy E and Brugge, John F and Anderson, David J and Hind, Joseph E},
  journal={Journal of neurophysiology},
  volume={30},
  number={4},
  pages={769--793},
  year={1967},
  publisher={Am Physiological Soc}
}

@article{van2003channel,
  title={Channel gating forces govern accuracy of mechano-electrical transduction in hair cells},
  author={van Netten, Sietse M and Dinklo, Theo and Marcotti, Walter and Kros, Corn{\'e} J},
  journal={Proceedings of the National Academy of Sciences},
  volume={100},
  number={26},
  pages={15510--15515},
  year={2003},
  publisher={National Acad Sciences}
}

@book{Kalat2013,
	author	=	{Kalat, J.},
	year	=	{2013},
	title	=	{Biological psychology},
	publisher = {Nelson Education},
	edition   = {11}
}

@article{chen2011differentially,
  title={A differentially amplified motion in the ear for near-threshold sound detection},
  author={Chen, Fangyi and Zha, Dingjun and Fridberger, Anders and Zheng, Jiefu and Choudhury, Niloy and Jacques, Steven L and Wang, Ruikang K and Shi, Xiaorui and Nuttall, Alfred L},
  journal={Nature neuroscience},
  volume={14},
  number={6},
  pages={770--774},
  year={2011},
  publisher={Nature Publishing Group}
}

@article{ricci2006mechano,
  title={Mechano-electrical transduction: new insights into old ideas},
  author={Ricci, AJ and Kachar, B and Gale, J and Van Netten, SM},
  journal={The Journal of membrane biology},
  volume={209},
  number={2-3},
  pages={71--88},
  year={2006},
  publisher={Springer}
}

@article{kozlov2012anomalous,
  title={Anomalous Brownian motion discloses viscoelasticity in the earâ€™s mechanoelectrical-transduction apparatus},
  author={Kozlov, Andrei S and Andor-Ard{\'o}, Daniel and Hudspeth, AJ},
  journal={Proceedings of the National Academy of Sciences},
  volume={109},
  number={8},
  pages={2896--2901},
  year={2012},
  publisher={National Acad Sciences}
}

@article{hakizimana2012sound,
  title={Sound-induced length changes in outer hair cell stereocilia},
  author={Hakizimana, Pierre and Brownell, William E and Jacob, Stefan and Fridberger, Anders},
  journal={Nature communications},
  volume={3},
  pages={1094},
  year={2012},
  publisher={Nature Publishing Group}
}